%=======================================================================
% File:  biblio.bib -- BibTeX entries            
% Time-stamp: <Dim 2015-02-15 11:32 svarrette>
%=======================================================================

@InProceedings{VBCG_HPCS14,
   author =       {S. Varrette and P. Bouvry and H. Cartiaux and F. Georgatos},
   title =        {{Management of an Academic HPC Cluster: The UL Experience}},
   booktitle =    {Proc. of the 2014 Intl. Conf. on High Performance Computing \& Simulation (HPCS 2014)},
   year =         {2014},
   pages =        {959--967},
   month =        {July},
   address =      {Bologna, Italy},
   publisher =    {IEEE},
   OPTnote =      {},
   OPTannote =    {}
}


%=======================================================================
% eof
%
% Local Variables: 
% mode: bibtex
% End: 

 
